<record><leader>00000cas a22000007a 4500</leader><controlfield tag="001">11064777</controlfield><controlfield tag="008">840817d19241925iluzr ne      0    0slv d</controlfield><datafield ind1=" " ind2=" " tag="010"><subfield code="a">sn 84024467 </subfield></datafield><datafield ind1=" " ind2=" " tag="040"><subfield code="a">NPV</subfield><subfield code="b">eng</subfield><subfield code="c">NPV</subfield><subfield code="d">DLC</subfield><subfield code="d">ONP</subfield><subfield code="d">NVF</subfield><subfield code="d">OCLCQ</subfield><subfield code="d">OCLCF</subfield><subfield code="d">OCLCO</subfield></datafield><datafield ind1=" " ind2=" " tag="042"><subfield code="a">msc</subfield></datafield><datafield ind1="0" ind2="0" tag="245"><subfield code="a">Amerikanski Slovenec edinost.</subfield></datafield><datafield ind1="1" ind2="7" tag="246"><subfield code="a">Amerikanski Slovenec in edinost</subfield></datafield><datafield ind1=" " ind2=" " tag="260"><subfield code="a">Chicago, Ill. :</subfield><subfield code="b">Edinost Pub. Co.,</subfield><subfield code="c">1924-1925.</subfield></datafield><datafield ind1=" " ind2=" " tag="300"><subfield code="a">v.</subfield></datafield><datafield ind1=" " ind2=" " tag="310"><subfield code="a">Four times a week</subfield></datafield><datafield ind1="0" ind2=" " tag="362"><subfield code="a">Letnik 33., s&#780;t. 91., (10 jun. 1924)-letnik 34., s&#780;t. 120. (31 jul. 1925).</subfield></datafield><datafield ind1=" " ind2="0" tag="650"><subfield code="a">Slovenes</subfield><subfield code="z">Illinois</subfield><subfield code="v">Newspapers.</subfield></datafield><datafield ind1=" " ind2="7" tag="655"><subfield code="a">Newspapers.</subfield><subfield code="2">fast</subfield><subfield code="0">(OCoLC)fst01423814</subfield></datafield><datafield ind1=" " ind2="7" tag="650"><subfield code="a">Slovenes.</subfield><subfield code="2">fast</subfield><subfield code="0">(OCoLC)fst01121077</subfield></datafield><datafield ind1=" " ind2="7" tag="651"><subfield code="a">Illinois.</subfield><subfield code="2">fast</subfield><subfield code="0">(OCoLC)fst01205143</subfield></datafield><datafield ind1=" " ind2=" " tag="752"><subfield code="a">United States</subfield><subfield code="b">Illinois</subfield><subfield code="c">Cook</subfield><subfield code="d">Chicago.</subfield></datafield><datafield ind1="0" ind2="4" tag="780"><subfield code="t">Edinost</subfield><subfield code="w">(DLC)sn 84024468</subfield></datafield><datafield ind1="0" ind2="4" tag="780"><subfield code="t">Amerikanski Slovenec (Joliet, Ill.)</subfield><subfield code="w">(DLC)sn 86056951</subfield></datafield><datafield ind1="0" ind2="0" tag="785"><subfield code="t">Amerikanski Slovenec (Chicago, Ill.)</subfield><subfield code="w">(DLC)sn 8302029</subfield></datafield></record>